%YAML 1.1
%TAG !u! tag:unity3d.com,2011:
--- !u!1 &777899011889951119
GameObject:
  m_ObjectHideFlags: 0
  m_CorrespondingSourceObject: {fileID: 0}
  m_PrefabInstance: {fileID: 0}
  m_PrefabAsset: {fileID: 0}
  serializedVersion: 6
  m_Component:
  - component: {fileID: 777899011889951107}
  - component: {fileID: 777899011889951116}
  - component: {fileID: 777899011889951117}
  - component: {fileID: 777899011889951118}
  - component: {fileID: 777899011889951106}
  - component: {fileID: 1908923465}
  m_Layer: 0
  m_Name: Inner Panet
  m_TagString: Untagged
  m_Icon: {fileID: 0}
  m_NavMeshLayer: 0
  m_StaticEditorFlags: 0
  m_IsActive: 1
--- !u!4 &777899011889951107
Transform:
  m_ObjectHideFlags: 0
  m_CorrespondingSourceObject: {fileID: 0}
  m_PrefabInstance: {fileID: 0}
  m_PrefabAsset: {fileID: 0}
  m_GameObject: {fileID: 777899011889951119}
  m_LocalRotation: {x: 0, y: 0, z: 0, w: 1}
  m_LocalPosition: {x: 3.2, y: 0, z: 0}
  m_LocalScale: {x: 1.1705, y: 1.1705, z: 1.1705}
  m_Children:
  - {fileID: 6914150431453038538}
  m_Father: {fileID: 0}
  m_RootOrder: 0
  m_LocalEulerAnglesHint: {x: 0, y: 0, z: 0}
--- !u!33 &777899011889951116
MeshFilter:
  m_ObjectHideFlags: 0
  m_CorrespondingSourceObject: {fileID: 0}
  m_PrefabInstance: {fileID: 0}
  m_PrefabAsset: {fileID: 0}
  m_GameObject: {fileID: 777899011889951119}
  m_Mesh: {fileID: 10207, guid: 0000000000000000e000000000000000, type: 0}
--- !u!23 &777899011889951117
MeshRenderer:
  m_ObjectHideFlags: 0
  m_CorrespondingSourceObject: {fileID: 0}
  m_PrefabInstance: {fileID: 0}
  m_PrefabAsset: {fileID: 0}
  m_GameObject: {fileID: 777899011889951119}
  m_Enabled: 1
  m_CastShadows: 1
  m_ReceiveShadows: 1
  m_DynamicOccludee: 1
  m_MotionVectors: 1
  m_LightProbeUsage: 1
  m_ReflectionProbeUsage: 1
  m_RenderingLayerMask: 1
  m_RendererPriority: 0
  m_Materials:
  - {fileID: 2100000, guid: 49865622bd3cd9b4981fe4de20808812, type: 2}
  m_StaticBatchInfo:
    firstSubMesh: 0
    subMeshCount: 0
  m_StaticBatchRoot: {fileID: 0}
  m_ProbeAnchor: {fileID: 0}
  m_LightProbeVolumeOverride: {fileID: 0}
  m_ScaleInLightmap: 1
  m_PreserveUVs: 0
  m_IgnoreNormalsForChartDetection: 0
  m_ImportantGI: 0
  m_StitchLightmapSeams: 0
  m_SelectedEditorRenderState: 3
  m_MinimumChartSize: 4
  m_AutoUVMaxDistance: 0.5
  m_AutoUVMaxAngle: 89
  m_LightmapParameters: {fileID: 0}
  m_SortingLayerID: 0
  m_SortingLayer: 0
  m_SortingOrder: 0
--- !u!135 &777899011889951118
SphereCollider:
  m_ObjectHideFlags: 0
  m_CorrespondingSourceObject: {fileID: 0}
  m_PrefabInstance: {fileID: 0}
  m_PrefabAsset: {fileID: 0}
  m_GameObject: {fileID: 777899011889951119}
  m_Material: {fileID: 0}
  m_IsTrigger: 0
  m_Enabled: 1
  serializedVersion: 2
  m_Radius: 0.5
  m_Center: {x: 0, y: 0, z: 0}
--- !u!114 &777899011889951106
MonoBehaviour:
  m_ObjectHideFlags: 0
  m_CorrespondingSourceObject: {fileID: 0}
  m_PrefabInstance: {fileID: 0}
  m_PrefabAsset: {fileID: 0}
  m_GameObject: {fileID: 777899011889951119}
  m_Enabled: 1
  m_EditorHideFlags: 0
  m_Script: {fileID: 11500000, guid: 6bde164f28633dd45ae6475b704333ff, type: 3}
  m_Name: 
  m_EditorClassIdentifier: 
  planetType: 0
  Sun: {fileID: 0}
  center: {fileID: 0}
  axis: {x: 0, y: 0, z: 1}
  radius: 3
  radiusSpeed: 15
  rotationSpeed: 45
  dockingArea: {fileID: 1908923465}
  part: {fileID: 357406930, guid: 331b84cadc00625499165a739117e1f6, type: 3}
  powerUp: {fileID: 5776931075398089340, guid: 85dad8044c29b794eb1d26824d358b01, type: 3}
  initialPickupForce: {x: 0, y: 0, z: 0}
  attachedBar: {fileID: 0}
  fillBarImage: {fileID: 0}
  minBarColour: {r: 0, g: 0, b: 0, a: 0}
  maxBarColour: {r: 0, g: 0, b: 0, a: 0}
  barSpeed: 10
--- !u!65 &1908923465
BoxCollider:
  m_ObjectHideFlags: 0
  m_CorrespondingSourceObject: {fileID: 0}
  m_PrefabInstance: {fileID: 0}
  m_PrefabAsset: {fileID: 0}
  m_GameObject: {fileID: 777899011889951119}
  m_Material: {fileID: 0}
  m_IsTrigger: 1
  m_Enabled: 1
  serializedVersion: 2
  m_Size: {x: 1.3260294, y: 1.3127222, z: 1}
  m_Center: {x: -0.023287771, y: 0.0033271154, z: 0}
--- !u!1001 &6196845935776475790
PrefabInstance:
  m_ObjectHideFlags: 0
  serializedVersion: 2
  m_Modification:
    m_TransformParent: {fileID: 777899011889951107}
    m_Modifications:
    - target: {fileID: 724060999779937603, guid: d7265264ccf6421409402598e2e47549,
        type: 3}
      propertyPath: m_Name
      value: WorldUIInstance
      objectReference: {fileID: 0}
    - target: {fileID: 724060999779937604, guid: d7265264ccf6421409402598e2e47549,
        type: 3}
      propertyPath: m_LocalPosition.x
      value: 0
      objectReference: {fileID: 0}
    - target: {fileID: 724060999779937604, guid: d7265264ccf6421409402598e2e47549,
        type: 3}
      propertyPath: m_LocalPosition.y
      value: 0
      objectReference: {fileID: 0}
    - target: {fileID: 724060999779937604, guid: d7265264ccf6421409402598e2e47549,
        type: 3}
      propertyPath: m_LocalPosition.z
      value: 0
      objectReference: {fileID: 0}
    - target: {fileID: 724060999779937604, guid: d7265264ccf6421409402598e2e47549,
        type: 3}
      propertyPath: m_LocalRotation.x
      value: -0
      objectReference: {fileID: 0}
    - target: {fileID: 724060999779937604, guid: d7265264ccf6421409402598e2e47549,
        type: 3}
      propertyPath: m_LocalRotation.y
      value: -0
      objectReference: {fileID: 0}
    - target: {fileID: 724060999779937604, guid: d7265264ccf6421409402598e2e47549,
        type: 3}
      propertyPath: m_LocalRotation.z
      value: -0
      objectReference: {fileID: 0}
    - target: {fileID: 724060999779937604, guid: d7265264ccf6421409402598e2e47549,
        type: 3}
      propertyPath: m_LocalRotation.w
      value: 1
      objectReference: {fileID: 0}
    - target: {fileID: 724060999779937604, guid: d7265264ccf6421409402598e2e47549,
        type: 3}
      propertyPath: m_RootOrder
      value: 0
      objectReference: {fileID: 0}
    - target: {fileID: 724060999779937604, guid: d7265264ccf6421409402598e2e47549,
        type: 3}
      propertyPath: m_LocalEulerAnglesHint.x
      value: 0
      objectReference: {fileID: 0}
    - target: {fileID: 724060999779937604, guid: d7265264ccf6421409402598e2e47549,
        type: 3}
      propertyPath: m_LocalEulerAnglesHint.y
      value: 0
      objectReference: {fileID: 0}
    - target: {fileID: 724060999779937604, guid: d7265264ccf6421409402598e2e47549,
        type: 3}
      propertyPath: m_LocalEulerAnglesHint.z
      value: 0
      objectReference: {fileID: 0}
    - target: {fileID: 724060999779937604, guid: d7265264ccf6421409402598e2e47549,
        type: 3}
      propertyPath: m_AnchoredPosition.x
      value: 0.01
      objectReference: {fileID: 0}
    - target: {fileID: 724060999779937604, guid: d7265264ccf6421409402598e2e47549,
        type: 3}
      propertyPath: m_AnchoredPosition.y
      value: 0.65
      objectReference: {fileID: 0}
    - target: {fileID: 724060999779937604, guid: d7265264ccf6421409402598e2e47549,
        type: 3}
      propertyPath: m_SizeDelta.x
      value: 1321
      objectReference: {fileID: 0}
    - target: {fileID: 724060999779937604, guid: d7265264ccf6421409402598e2e47549,
        type: 3}
      propertyPath: m_SizeDelta.y
      value: 631
      objectReference: {fileID: 0}
    - target: {fileID: 724060999779937604, guid: d7265264ccf6421409402598e2e47549,
        type: 3}
      propertyPath: m_AnchorMin.x
      value: 0
      objectReference: {fileID: 0}
    - target: {fileID: 724060999779937604, guid: d7265264ccf6421409402598e2e47549,
        type: 3}
      propertyPath: m_AnchorMin.y
      value: 0
      objectReference: {fileID: 0}
    - target: {fileID: 724060999779937604, guid: d7265264ccf6421409402598e2e47549,
        type: 3}
      propertyPath: m_AnchorMax.x
      value: 0
      objectReference: {fileID: 0}
    - target: {fileID: 724060999779937604, guid: d7265264ccf6421409402598e2e47549,
        type: 3}
      propertyPath: m_AnchorMax.y
      value: 0
      objectReference: {fileID: 0}
    - target: {fileID: 724060999779937604, guid: d7265264ccf6421409402598e2e47549,
        type: 3}
      propertyPath: m_Pivot.x
      value: 0.5
      objectReference: {fileID: 0}
    - target: {fileID: 724060999779937604, guid: d7265264ccf6421409402598e2e47549,
        type: 3}
      propertyPath: m_Pivot.y
      value: 0.5
      objectReference: {fileID: 0}
    - target: {fileID: 724061000423138626, guid: d7265264ccf6421409402598e2e47549,
        type: 3}
      propertyPath: m_FillRect
      value: 
      objectReference: {fileID: 6914150430871888025}
    m_RemovedComponents: []
  m_SourcePrefab: {fileID: 100100000, guid: d7265264ccf6421409402598e2e47549, type: 3}
--- !u!224 &6914150431453038538 stripped
RectTransform:
  m_CorrespondingSourceObject: {fileID: 724060999779937604, guid: d7265264ccf6421409402598e2e47549,
    type: 3}
  m_PrefabInstance: {fileID: 6196845935776475790}
  m_PrefabAsset: {fileID: 0}
--- !u!224 &6914150430871888025 stripped
RectTransform:
  m_CorrespondingSourceObject: {fileID: 724061001304771095, guid: d7265264ccf6421409402598e2e47549,
    type: 3}
  m_PrefabInstance: {fileID: 6196845935776475790}
  m_PrefabAsset: {fileID: 0}
